# Alternatif manajemen daftar pustaka dengan \bibliography
# Keuntungannya adalah sitasi dapat langsung disalin dari web (contoh: scholar.google.com) dan format tampilan dapat diubah secara otomatis hanya dengan mengganti konfigurasi \bibliographystyle di thesis.tex https://www.sharelatex.com/learn/Bibtex_bibliography_styles

@article{lankton2008introduction,
  title={Introduction to LATEX},
  author={Lankton, Shawn},
  year={2008}
}

@article{chin2000learning,
  title={Learning in science: A comparison of deep and surface approaches},
  author={Chin, Christine and Brown, David E},
  journal={Journal of research in science teaching},
  volume={37},
  number={2},
  pages={109--138},
  year={2000},
  publisher={Wiley Online Library}
}

@article{barto1995learning,
  title={Learning to act using real-time dynamic programming},
  author={Barto, Andrew G and Bradtke, Steven J and Singh, Satinder P},
  journal={Artificial Intelligence},
  volume={72},
  number={1},
  pages={81--138},
  year={1995},
  publisher={Elsevier}
}

@misc{fachrunnisa,
  author={Shofie Fachrunnisa},
  title={Tetap Produktif di Tengah Pandemi Covid-19, Seminar Online Ramai Diminati},
  url={https://www.kompasiana.com/shofiefachrunnisa/5ee08f70097f36744d50b274/tetap-produktif-di-tengah-pandemi-covid-19-seminar-online-ramai-diminati},
  addendum ="(accessed: 11.06.2020)",
  key="Covid-19,Pandemi",
  year={Diambil 11 Juni 2020},
}

@misc{pane,
  author={Merry Dame Cristy Pane},
  title={Virus Corona},
  url={https://www.alodokter.com/virus-corona},
  addendum ="(accessed: 15.02.2021)",
  key="Covid-19,Pandemi,Corona",
  year={2021},
}

@misc{prastya,
  author={Ilham Prastya},
  title={Pengertian dan Fungsi Seminar beserta Contohnya},
  url={https://www.ayoksinau.com/pengertian-seminar},
  addendum ="(accessed: 01.02.2021)",
  key="Seminar",
  year={2021},
}

@misc{rahma,
  author={Imelda Rahma},
  title={Mengenal Webinar, Teknologi Seminar Secara Online yang Menjadi Alternatif di Tengah Pandemi Covid-19},
  url={https://www.fimela.com/lifestyle-relationship/read/4228388/mengenal-webinar-teknologi-seminar-secara-online-yang-menjadi-alternatif-di-tengah-pandemi-covid-19},
  addendum ="(accessed: 15.04.2020)",
  key="Webinar, Seminar Online",
  year={2020},
}

@misc{yuliatri,
  author={Rury Yuliatri},
  title={Webinar, Teknologi Seminar Alternatif di Tengah Pandemi},
  url={http://disdik.jabarprov.go.id/news/2195/webinar%2C-teknologi-seminar-alternatif-di-tengah-pandemi},
  addendum ="(accessed: 08.06.2021)",
  key="Webinar, Seminar Online",
  year={2021},
}